<record xmlns="http://www.loc.gov/MARC21/slim" xmlns:xsi="http://www.w3.org/2001/XMLSchema-instance" xsi:schemaLocation="http://www.loc.gov/MARC21/slim http://www.loc.gov/standards/marcxml/schema/MARC21slim.xsd"><leader>     nam a22        4500</leader><controlfield tag="001">001686795</controlfield><controlfield tag="003">NNU</controlfield><controlfield tag="006">m        d        </controlfield><controlfield tag="007">cr cn |||m|||a</controlfield><controlfield tag="008">150313s1961    sy a    o    f000 0 ara d</controlfield><datafield ind1=" " ind2=" " tag="040"><subfield code="a">NNU</subfield><subfield code="b">eng</subfield><subfield code="c">NNU</subfield></datafield><datafield ind1="1" ind2=" " tag="041"><subfield code="a">ara</subfield><subfield code="h">per</subfield></datafield><datafield ind1=" " ind2=" " tag="066"><subfield code="c">(3</subfield><subfield code="c">(4</subfield></datafield><datafield ind1=" " ind2=" " tag="090"><subfield code="a">PK6540.G2</subfield><subfield code="b">F8</subfield></datafield><datafield ind1="0" ind2=" " tag="100"><subfield code="6">880-01</subfield><subfield code="a">Sa&#699;d&#299;</subfield></datafield><datafield ind1="1" ind2="0" tag="240"><subfield code="6">880-02</subfield><subfield code="a">Gulist&#257;n.</subfield><subfield code="l">Arabic.</subfield><subfield code="f">1961</subfield></datafield><datafield ind1="1" ind2="0" tag="245"><subfield code="6">880-03</subfield><subfield code="a">Gulist&#257;n</subfield><subfield code="h">[electronic resource] :</subfield><subfield code="b">Raw&#7693;at al-ward /</subfield><subfield code="c">ta&#700;l&#299;f Sa&#699;d&#299; al-Sh&#299;r&#257;z&#299; ; tarjamat Mu&#7717;ammad al-Fur&#257;t&#299;.</subfield></datafield><datafield ind1="3" ind2="0" tag="246"><subfield code="6">880-04</subfield><subfield code="a">Raw&#7693;at al-ward</subfield></datafield><datafield ind1=" " ind2=" " tag="260"><subfield code="6">880-05</subfield><subfield code="a">Dimashq :</subfield><subfield code="b">Wiz&#257;rat al-Thaq&#257;fah wa-al-Irsh&#257;d al-Qawm&#299;, Mud&#299;r&#299;yat al-Ta&#700;l&#299;f wa-al-Tarjamah,</subfield><subfield code="c">1961.</subfield></datafield><datafield ind1=" " ind2=" " tag="300"><subfield code="a">online resource (315 p.) :</subfield><subfield code="b">ill.</subfield></datafield><datafield ind1="1" ind2=" " tag="490"><subfield code="6">880-06</subfield><subfield code="a">Silsilat raw&#257;&#700;i&#699; al-adab al-Sharq&#299; ;</subfield><subfield code="v">1</subfield></datafield><datafield ind1=" " ind2=" " tag="500"><subfield code="a">Part of the Arabic Collections Online (ACO) project, contributed by New York Univeristy Libraries.</subfield></datafield><datafield ind1=" " ind2=" " tag="533"><subfield code="a">Electronic reproduction.</subfield><subfield code="b">New York, N.Y. :</subfield><subfield code="c">New York University,</subfield><subfield code="d">2015.</subfield><subfield code="5">NNU</subfield></datafield><datafield ind1=" " ind2=" " tag="546"><subfield code="a">Translation from Persian.</subfield></datafield><datafield ind1="1" ind2=" " tag="700"><subfield code="6">880-07</subfield><subfield code="a">Fur&#257;t&#299;, Mu&#7717;ammad,</subfield><subfield code="d">1880-1978</subfield></datafield><datafield ind1="2" ind2=" " tag="710"><subfield code="a">New York University.</subfield><subfield code="b">Libraries.</subfield></datafield><datafield ind1="0" ind2=" " tag="730"><subfield code="a">Arabic Collections Online.</subfield></datafield><datafield ind1="0" ind2="8" tag="776"><subfield code="i">Print version:</subfield><subfield code="a">Sa&#699;d&#299; 880-01</subfield><subfield code="t">Gulist&#257;n</subfield><subfield code="w">(NNU)001686795</subfield></datafield><datafield ind1="4" ind2="0" tag="856"><subfield code="u">http://hdl.handle.net/2333.1/ksn02xk5</subfield></datafield><datafield ind1="0" ind2=" " tag="880"><subfield code="6">100-01/</subfield><subfield code="a">&#1587;&#1593;&#1583;&#1610;.</subfield></datafield><datafield ind1="1" ind2="0" tag="880"><subfield code="6">240-02/</subfield><subfield code="a">&#65533;&#1604;&#1587;&#1578;&#1575;&#1606;.</subfield><subfield code="l">&#1593;&#1585;&#1576;&#1610;.</subfield><subfield code="f">1961</subfield></datafield><datafield ind1="1" ind2="0" tag="880"><subfield code="6">245-03/</subfield><subfield code="a">&#65533;&#1604;&#1587;&#1578;&#1575;&#1606; :</subfield><subfield code="b">&#1585;&#1608;&#1590;&#1577; &#1575;&#1604;&#1608;&#1585;&#1583; /</subfield><subfield code="c">&#1578;&#1571;&#1604;&#1610;&#1601; &#1587;&#1593;&#1583;&#1610; &#1575;&#1604;&#1588;&#1610;&#1585;&#1575;&#1586;&#1610; &#1563; &#1578;&#1585;&#1580;&#1605;&#1577; &#1605;&#1581;&#1605;&#1583; &#1575;&#1604;&#1601;&#1585;&#1575;&#1578;&#1610;.</subfield></datafield><datafield ind1="3" ind2="0" tag="880"><subfield code="6">246-04/</subfield><subfield code="a">&#1585;&#1608;&#1590;&#1577; &#1575;&#1604;&#1608;&#1585;&#1583;</subfield></datafield><datafield ind1=" " ind2=" " tag="880"><subfield code="6">260-05/</subfield><subfield code="a">&#1583;&#1605;&#1588;&#1602; :</subfield><subfield code="b">&#1608;&#1586;&#1575;&#1585;&#1577; &#1575;&#1604;&#1579;&#1602;&#1575;&#1601;&#1577; &#1608;&#1575;&#1604;&#1573;&#1585;&#1588;&#1575;&#1583; &#1575;&#1604;&#1602;&#1608;&#1605;&#1610;&#1548; &#1605;&#1583;&#1610;&#1585;&#1610;&#1577; &#1575;&#1604;&#1578;&#1571;&#1604;&#1610;&#1601; &#1608;&#1575;&#1604;&#1578;&#1585;&#1580;&#1605;&#1577;&#1548;</subfield><subfield code="c">1961.</subfield></datafield><datafield ind1="1" ind2=" " tag="880"><subfield code="6">490-06/</subfield><subfield code="a">&#1587;&#1604;&#1587;&#1604;&#1577; &#1585;&#1608;&#1575;&#1574;&#1593; &#1575;&#1604;&#1571;&#1583;&#1576; &#1575;&#1604;&#1588;&#1585;&#1602;&#1610; &#1563;</subfield><subfield code="v">1</subfield></datafield><datafield ind1="1" ind2=" " tag="880"><subfield code="6">700-07/</subfield><subfield code="a">&#1601;&#1585;&#1575;&#1578;&#1610;&#1548; &#1605;&#1581;&#1605;&#1583;.</subfield></datafield><datafield ind1=" " ind2="0" tag="830"><subfield code="6">880-08</subfield><subfield code="a">Silsilat raw&#257;&#700;i&#699; al-adab al-Sharq&#299; ;</subfield><subfield code="v">1.</subfield></datafield><datafield ind1=" " ind2="0" tag="880"><subfield code="6">830-08/</subfield><subfield code="a">&#1587;&#1604;&#1587;&#1604;&#1577; &#1585;&#1608;&#1575;&#1574;&#1593; &#1575;&#1604;&#1571;&#1583;&#1576; &#1575;&#1604;&#1588;&#1585;&#1602;&#1610; &#1563;</subfield><subfield code="v">1</subfield></datafield><datafield ind1=" " ind2=" " tag="959"><subfield code="a">NNU</subfield><subfield code="b">WEB</subfield><subfield code="c">GENI</subfield><subfield code="t">0</subfield><subfield code="m">Electronic access</subfield><subfield code="s">01</subfield></datafield><datafield ind1=" " ind2=" " tag="999"><subfield code="i">NNU_001686795</subfield><subfield code="s">nyu_aco000595</subfield><subfield code="e">(ERROR-MISC)</subfield></datafield></record>